@article{Azriel2017,
author = {Azriel, Leonid and Member, Student and Ginosar, Ran and Member, Senior and Gueron, Shay},
file = {:C$\backslash$:/[temp]/ju-master/Using Scan Side Channel to Detect IP Theft.pdf:pdf},
pages = {1--13},
title = {{Using Scan Side Channel to Detect IP Theft}},
year = {2017}
}
@article{Basak2017,
author = {Basak, Abhishek and Bhunia, Swarup and Member, Senior and Tkacik, Thomas and Ray, Sandip and Member, Senior},
file = {:C$\backslash$:/[temp]/ju-master/Journal2017/Security Assurance for System-on-Chip Designs With Untrusted IPs.pdf:pdf},
number = {7},
pages = {1515--1528},
title = {{Security Assurance for System-on-Chip Designs With Untrusted IPs}},
volume = {12},
year = {2017}
}
@article{Bidmeshki2017,
author = {Bidmeshki, Mohammad-mahdi and Guo, Xiaolong and Dutta, Raj Gautam and Jin, Yier and Makris, Yiorgos},
file = {:C$\backslash$:/[temp]/ju-master/Journal2017/Data Secrecy Protection Through Information Flow Tracking in Proof-Carrying Hardware IP-Part II Framework Automation.pdf:pdf},
number = {10},
pages = {2430--2443},
title = {{Tracking in Proof-Carrying Hardware IP — Part II :}},
volume = {12},
year = {2017}
}
@article{Chen2017,
author = {Chen, Xi and Qui, Gang and Cui, Aijiao and Dunbar, Carson},
file = {:C$\backslash$:/[temp]/ju-master/Scan chain based IP fingerprint and identification.pdf:pdf},
isbn = {9781509054046},
title = {{Scan Chain based IP Fingerprint and Identification}},
year = {2017}
}
@article{Chen2017a,
author = {Chen, Xiaoming and Liu, Qiaoyi and Wang, Yu and Xu, Qiang and Yang, Huazhong},
file = {:C$\backslash$:/[temp]/ju-master/Low-overhead implementation of logic encryption using gate replacement techniques.pdf:pdf},
isbn = {9781509054046},
title = {{Low-Overhead Implementation of Logic Encryption Using Gate Replacement Techniques}},
year = {2017}
}
@article{Dellosa2017,
author = {Dellosa, Jeffrey T},
file = {:C$\backslash$:/[temp]/ju-master/The impact of the innovation and Technology Support Offices -ITSOs- on innovation- intellectual property -IP- protection and entrepreneurship in philippine engineering education.pdf:pdf},
isbn = {9781509054671},
keywords = {entrepreneurship,healthy patent system led,innovation,innovation and,intellectual property,itso,patent,technology commercialization,technology support office,to dynamic commercialization and},
number = {April},
pages = {762--770},
title = {{The Impact of the Innovation and Technology Support Offices ( ITSOs ) on Innovation , Intellectual Property ( IP ) Protection and Entrepreneurship in Philippine Engineering Education}},
year = {2017}
}
@article{Guo2017,
author = {Guo, Xiaolong and Member, Student and Dutta, Raj Gautam and Member, Student and Jin, Yier},
file = {:C$\backslash$:/[temp]/ju-master/Journal2017/Eliminating the Hardware-Software Boundary A Proof-Carrying Approach for Trust Evaluation on Computer Systems.pdf:pdf},
number = {2},
pages = {405--417},
title = {{Eliminating the Hardware-Software Boundary : A Proof-Carrying Approach for Trust Evaluation on Computer Systems}},
volume = {12},
year = {2017}
}
@article{Jin2017,
author = {Jin, Yier and Guo, Xiaolong and Dutta, Raj Gautam and Bidmeshki, Mohammad-mahdi and Makris, Yiorgos},
file = {:C$\backslash$:/[temp]/ju-master/Journal2017/Data Secrecy Protection Through Information Flow Tracking in Proof-Carrying Hardware IP-Part I Framework Fundamentals.pdf:pdf},
number = {10},
pages = {2416--2429},
title = {{Tracking in Proof-Carrying Hardware IP — Part I :}},
volume = {12},
year = {2017}
}
@article{Lin2017,
author = {Lin, Jian},
file = {:C$\backslash$:/[temp]/ju-master/Analysis of the key factors of intellectual property management at art institutions.pdf:pdf},
isbn = {9781509048977},
keywords = {applications,creation,intellectual property,management,protection,strategies},
pages = {206--208},
title = {{Analysis of the Key Factors of Intellectual Property Management at Art Institutions}},
year = {2017}
}
@article{Matters2017,
author = {Matters, Hardware},
file = {:C$\backslash$:/[temp]/ju-master/Journal2017/Hardware Security of CE Devices Hardware Matters.pdf:pdf},
number = {January},
title = {{Hardware Security of CE Devices}},
year = {2017}
}
@article{Matters2017a,
author = {Matters, Hardware},
file = {:C$\backslash$:/[temp]/ju-master/Journal2017/Antipiracy-Aware IP Chipset Design for CE Devices A Robust Watermarking Approach Hardware Matters.pdf:pdf},
number = {april},
pages = {118--124},
title = {{Antipiracy-Aware IP Chip Set Design for CE Devices: A Robust Watermarking Approach}},
year = {2017}
}
@article{Mohanty2017,
author = {Mohanty, By Saraju P and Chapters, Rochester},
file = {:C$\backslash$:/[temp]/ju-master/Information Security and IP Protection Are Increasingly Critical in the Current Global Context Notes from the Editor.pdf:pdf},
number = {June},
pages = {3--5},
title = {{Information Security and IP Protection Are Increasingly Critical in the Current Global Context}},
year = {2017}
}
@article{Mohanty2017a,
author = {Mohanty, By Saraju P and Chapters, Rochester},
file = {:C$\backslash$:/[temp]/ju-master/Journal2017/Information Security and IP Protection Are Increasingly Critical in the Current Global Context Notes from the Editor.pdf:pdf},
number = {June},
pages = {3--5},
title = {{Information Security and IP Protection Are Increasingly Critical in the Current Global Context}},
year = {2017}
}
@article{Ngo2017,
author = {Ngo, Xuan Thuy and Danger, Jean-luc and Guilley, Sylvain and Graba, Tarik and Mathieu, Yves and Najm, Zakaria and Bhasin, Shivam},
file = {:C$\backslash$:/[temp]/ju-master/Cryptographically Secure Shield for Security IPs Protection.pdf:pdf},
number = {2},
pages = {354--360},
title = {{Cryptographically Secure Shield for Security IPs Protection Threats on Integrated Circuits}},
volume = {66},
year = {2017}
}
@article{Ngo2017a,
author = {Ngo, Xuan Thuy and Danger, Jean-luc and Guilley, Sylvain and Graba, Tarik and Mathieu, Yves and Najm, Zakaria and Bhasin, Shivam},
file = {:C$\backslash$:/[temp]/ju-master/Journal2017/Cryptographically Secure Shield for Security IPs Protection.pdf:pdf},
number = {2},
pages = {354--360},
title = {{Cryptographically Secure Shield for Security IPs Protection Threats on Integrated Circuits}},
volume = {66},
year = {2017}
}
@article{Of2017,
author = {Of, Protection and Secrets, Trade and The, Under and Directive, T S and During, Protection},
file = {:C$\backslash$:/[temp]/ju-master/Journal2017/The European Union Trade-Secrets Directive To-Dos for Companies- IP Corner.pdf:pdf},
number = {april},
pages = {2016--2017},
title = {{The European Union Trade-Secrets Directive: To-Dos for Companies?}},
year = {2017}
}
@article{Sengupta2017a,
author = {Sengupta, A and Roy, D},
doi = {10.1049/el.2017.1329},
file = {:C$\backslash$:/[temp]/ju-master/Protecting IP core during architectural synthesis using HLT-based obfuscation.pdf:pdf},
number = {13},
pages = {1--2},
title = {{Protecting IP core during architectural synthesis using HLT-based obfuscation}},
volume = {53},
year = {2017}
}
@article{Sengupta2017b,
author = {Sengupta, A and Roy, D},
doi = {10.1049/el.2017.1329},
file = {:C$\backslash$:/[temp]/ju-master/Journal2017/Protecting IP core during architectural synthesis using HLT-based obfuscation.pdf:pdf},
number = {13},
pages = {1--2},
title = {{Protecting IP core during architectural synthesis using HLT-based obfuscation}},
volume = {53},
year = {2017}
}
@article{Sengupta2017,
author = {Sengupta, Anirban and Ieee, Member and Roy, Dipanjan and Ieee, Student Member and Mohanty, Saraju P},
doi = {10.1109/TCAD.2017.2729341},
file = {:C$\backslash$:/[temp]/ju-master/Triple-Phase Watermarking for Reusable IP Core Protection during Architecture Synthesis.pdf:pdf},
number = {c},
title = {{Triple - Phase Watermarking for Reusable IP Core Protection during Architecture Synthesis}},
volume = {0070},
year = {2017}
}
@article{Tsai2017,
author = {Tsai, Wei-tek and Feng, Libo and Zhang, Hui},
doi = {10.1109/SOSE.2017.35},
file = {:C$\backslash$:/[temp]/ju-master/Intellectual-Property Blockchain-Based Protection Model for Microfilms.pdf:pdf},
isbn = {9781509063208},
keywords = {blockchain,ip rights,microfilms},
pages = {174--178},
title = {{Intellectual-Property Blockchain-based Protection Model for Microfilms}},
year = {2017}
}
@article{Veeranna2017,
author = {Veeranna, Nandeesha and Schafer, Benjamin Carrion},
file = {:C$\backslash$:/[temp]/ju-master/Efficient behavioral intellectual properties source code obfuscation for high-level synthesis.pdf:pdf},
isbn = {9781538604151},
title = {{Efficient Behavioral Intellectual Properties Source Code Obfuscation for High-Level Synthesis}},
year = {2017}
}
@article{Wehlack2017,
author = {Wehlack, Marc and Spang, Konrad},
file = {:C$\backslash$:/[temp]/ju-master/Motivations for and barriers to offshoring development projects to China  A case study of the automotive industry.pdf:pdf},
isbn = {9781509063062},
keywords = {-offshoring,automotive,china,d,globalisation,industry,r,relocation},
pages = {169--173},
title = {{Motivations for and Barriers to Offshoring Development Projects to China A Case Study of the Automotive Industry}},
year = {2017}
}
@article{Yasin2017,
author = {Yasin, Muhammad and Member, Student and Sinanoglu, Ozgur and Member, Senior},
file = {:C$\backslash$:/[temp]/ju-master/Journal2017/Testing the Trustworthiness of IC Testing An Oracle-Less Attack on IC Camouflaging.pdf:pdf},
number = {11},
pages = {2668--2682},
title = {{Testing the Trustworthiness of IC Testing : An Oracle-Less Attack on IC Camouflaging}},
volume = {12},
year = {2017}
}
@article{Zhang2017a,
author = {Zhang, Dongrong and He, Miao Tony and Wang, Xiaoxiao and Tehranipoor, Mark},
file = {:C$\backslash$:/[temp]/ju-master/Dynamically obfuscated scan for protecting IPs against scan-based attacks throughout supply chain.pdf:pdf},
isbn = {9781509044825},
title = {{Dynamically Obfuscated Scan for Protecting IPs Against Scan-Based Attacks Throughout Supply Chain}},
year = {2017}
}
@article{Zhang2017,
author = {Zhang, Jiliang and Liu, Lele},
file = {:C$\backslash$:/[temp]/ju-master/Publicly Verifiable Watermarking for Intellectual Property Protection in FPGA Design.pdf:pdf},
number = {4},
pages = {1520--1527},
title = {{Publicly Verifiable Watermarking for Intellectual Property Protection in FPGA Design}},
volume = {25},
year = {2017}
}
@article{Zhang2017b,
author = {Zhang, Jiliang and Liu, Lele},
file = {:C$\backslash$:/[temp]/ju-master/Journal2017/Publicly Verifiable Watermarking for Intellectual Property Protection in FPGA Design.pdf:pdf},
number = {4},
pages = {1520--1527},
title = {{Publicly Verifiable Watermarking for Intellectual Property Protection in FPGA Design}},
volume = {25},
year = {2017}
}
